% Encoding: UTF-8

@book{Knuth1998,
 author = {Knuth, Donald E.},
 title = {The art of computer programming,  volume 3: (2nd ed.) sorting and searching},
 year = {1998},
 publisher = {Addison Wesley Longman Publishing Co., Inc.},
 address = {Redwood City, CA, USA}
}

@book{Pollefliet2011,
  author = {Pollefliet, Leen},
  title = {Schrijven van verslag tot eindwerk: do's en don'ts},
  year = {2011},
  publisher = {Academia Press},
  address = {Gent}
}

@article{Creeger2009,
  author = {Creeger, Mache},
  journal = {Communications of the ACM},
  number = {8},
  pages = {50--56},
  title = {{CTO Roundtable: Cloud Computing}},
  volume = {52},
  year = {2009}
}

@Online{ICTInformatiecentrum,
  author = {ICTInformatiecentrum},
  title  = {Database},
  url    = {https://www.ictinformatiecentrum.nl/data-management/database},
}

@Online{Encyclo.nl,
  author = {Encyclo.nl},
  title  = {Schaalbaarheid definities},
  url    = {https://www.encyclo.nl/begrip/schaalbaarheid},
}

@Online{ovhcloud,
  author = {ovhcloud},
  title  = {Wat is een relationele database?},
  url    = {https://www.ovhcloud.com/nl/learn/what-is-relational-database/},
}

@Online{ictportal2022,
  author = {ictportal},
  date   = {2022-02-04},
  title  = {Database},
  url    = {https://www.ictportal.nl/ict-lexicon/database},
}

@Online{geeksforgeeks2024,
  author = {geeksforgeeks},
  date   = {2024-03-11},
  title  = {Flat File Database},
  url    = {https://www.geeksforgeeks.org/flat-file-database/},
}

@Online{ibm,
  author = {ibm},
  title  = {What is a relational database?},
  url    = {https://www.ibm.com/topics/relational-databases},
}

@Online{geeksforgeeks2023b,
  author = {geeksforgeeks},
  date   = {2023-10-13},
  title  = {Introduction to NoSQL},
  url    = {https://www.geeksforgeeks.org/introduction-to-nosql/},
}

@Online{Microsoft,
  author = {Microsoft},
  title  = {NoSQL Database: wat is NoSQL?},
  url    = {https://azure.microsoft.com/nl-nl/resources/cloud-computing-dictionary/what-is-nosql-database},
}

@Online{geeksforgeeks2022,
  author = {geeksforgeeks},
  date   = {2022-02-17},
  title  = {Key-Value Data Model in NoSQL},
  url    = {https://www.geeksforgeeks.org/key-value-data-model-in-nosql/},
}

@Online{Oracle,
  author = {Oracle},
  title  = {Atomicity},
  url    = {https://docs.oracle.com/cd/E17275_01/html/programmer_reference/transapp_atomicity.html},
}

@Online{geeksforgeeks2022a,
  author = {geeksforgeeks},
  date   = {2022-03-30},
  title  = {Document Databases in NoSQL},
  url    = {https://www.geeksforgeeks.org/document-databases-in-nosql/},
}

@Online{geeksforgeeks2022b,
  author = {geeksforgeeks},
  date   = {2022-01-29},
  title  = {What is a Columnar Database?},
  url    = {https://www.geeksforgeeks.org/what-is-a-columnar-database/},
}

@Online{Amazon,
  author = {Amazon},
  title  = {What Is a Graph Database?},
  url    = {https://aws.amazon.com/nosql/graph/},
}

@Online{geeksforgeeks2023c,
  author = {geeksforgeeks},
  date   = {2023-08-05},
  title  = {What is Graph Database â€“ Introduction},
  url    = {https://www.geeksforgeeks.org/what-is-graph-database/},
}

@Online{MongoDB,
  author = {MongoDB},
  title  = {What Is an Object-Oriented Database?},
  url    = {https://www.mongodb.com/databases/what-is-an-object-oriented-database#:~:text=An object-oriented database (OOD,), everything is an object},
}

@Online{MariaDB,
  author = {MariaDB},
  url    = {https://mariadb.com/},
}

@Online{Amazona,
  author = {Amazon},
  title  = {What is Cloud Native?},
  url    = {https://aws.amazon.com/what-is/cloud-native/#:~:text=Cloud native is the software,quickly to meet customer demands},
}

@Online{ClickHouse,
  author = {ClickHouse},
  title  = {Distinctive Features of ClickHouse},
  url    = {https://clickhouse.com/docs/en/about-us/distinctive-features},
}

@Online{Couchbase,
  author = {Couchbase},
  title  = {NoSQL Databases},
  url    = {https://www.couchbase.com/resources/why-nosql/},
}

@Online{Couchbasea,
  author = {Couchbase},
  title  = {NoSQL Database for Retail},
  url    = {https://www.couchbase.com/use-cases/retail-and-ecommerce/},
}

@Online{Amazonb,
  author = {Amazon},
  title  = {Amazon Aurora features},
  url    = {https://aws.amazon.com/rds/aurora/features/},
}

@Online{MongoDBa,
  author = {MongoDB},
  title  = {What is MongoDB Atlas?},
  url    = {https://www.mongodb.com/docs/atlas/},
}

@Online{MongoDBb,
  author = {MongoDB},
  title  = {MongoDB Atlas FAQ},
  url    = {https://www.mongodb.com/cloud/atlas/faq},
}

@Online{ScyllaDB,
  author = {ScyllaDB},
  title  = {Database Scalability},
  url    = {https://www.scylladb.com/glossary/database-scalability/},
}

@Book{Kleppmann2017,
  author = {Martin Kleppmann},
  date   = {2017},
  title  = {Title:Designing Data-Intensive Applications : The Big Ideas Behind Reliable, Scalable, and Maintainable Systems},
}

@Article{DistributedDatabase2022,
  author       = {adrian runceanu/ marian popescu/ ilie borcosi/ dragos ionica},
  date         = {2022},
  journaltitle = {Fiability & Durability / Fiabilitate si Durabilitate},
  title        = {SHORT REVIEW OF SOME NOSQL DATABASES},
}

@Online{lucidchart,
  author = {lucidchart},
  title  = {What is an Entity Relationship Diagram (ERD)?},
  url    = {https://www.lucidchart.com/pages/er-diagrams},
}

@Online{DBEngines,
  author = {DB-Engines},
  title  = {DB-Engines Ranking},
  url    = {https://db-engines.com/en/ranking},
}

@Book{Kleppmann2017a,
  author = {Martin Kleppmann},
  date   = {2017},
  title  = {Designing Data-Intensive Applications : The Big Ideas Behind Reliable, Scalable, and Maintainable Systems},
}

@Online{Microsofta,
  author = {Microsoft},
  title  = {What is cloud computing?},
  url    = {https://azure.microsoft.com/en-us/resources/cloud-computing-dictionary/what-is-cloud-computing},
}

@Online{ClickHousea,
  author = {ClickHouse},
  title  = {The fastest open-source analytical database.},
  url    = {https://clickhouse.com/clickhouse},
}

@Comment{jabref-meta: databaseType:biblatex;}
