@Online{Inetum2022,
  author = {Inetum},
  date   = {2022-01-12},
  title  = {MongoDB â€“ the perfect database system for e-commerce?},
  url    = {https://www.nearshore-it.eu/articles/mongodb-ecommerce-database/},
}

@Online{AWS,
  author = {AWS},
  title  = {What Is a Graph Database?},
  url    = {https://aws.amazon.com/nosql/graph/},
}

@Online{Solarwinds,
  author = {Solarwinds},
  title  = {What is a SQL Database?},
  url    = {https://www.solarwinds.com/resources/it-glossary/sql-database},
}

@Online{Foote2023,
  author = {Keith D. Foote},
  date   = {2023-10-03},
  title  = {Types of Database Management Systems},
  url    = {https://www.dataversity.net/types-of-database-management-systems/},
}

@Online{DevX2023,
  author = {DevX},
  date   = {2023-12-19},
  title  = {Hybrid Database},
  url    = {https://www.devx.com/terms/hybrid-database/},
}

@Comment{jabref-meta: databaseType:biblatex;}
